@book{rudin1976principles,
  title={Principles of Mathematical Analysis},
  author={Rudin, Walter},
  year={1976},
  publisher={McGraw-Hill New York}
}

@book{abbott2001understanding,
  title={Understanding Analysis},
  author={Abbott, Stephen},
  year={2001},
  publisher={Springer}
}

@book{tao2006analysis,
  title={Analysis (Volume 1)},
  author={Tao, Terrence},
  publisher={Hindustan Book Agency},
  year={2006}
}

@article{lima2013curso,
  title={Curso de An{\'a}lise vol. 1. 15{\textordfeminine} edi{\c{c}}{\~a}o},
  author={Lima, Elon Lages},
  journal={Rio de Janeiro: IMPA - Projeto Euclides},
  year={2019}
}

@online{TikZConvexFig,
  author = {jpayansomet},
  title = {TikZ Convex Function},
  year = 2017,
  url = {https://tex.stackexchange.com/a/394982},
  urldate = {2022-07-01}
}